@inproceedings{RETWEET,
  title     = {How Will Your Tweet Be Received? Predicting the Sentiment Polarity of Tweet Replies},
  author    = {Tayebi Arasteh, Soroosh and Monajem, Mehrpad and Christlein, Vincent and
               Heinrich, Philipp and Nicolaou, Anguelos and Naderi Boldaji, Hamidreza and Lotfinia, Mahshad and Evert, Stefan},
  booktitle = {Proceedings of the 2021 IEEE 15th International Conference on Semantic Computing (ICSC)},
  address   = {Laguna Hills, CA, USA},
  pages     = {370-373},
  doi       = {10.1109/ICSC50631.2021.00068},
  url       = {https://ieeexplore.ieee.org/document/9364527/},
  month     = {01},
  year      = {2021}
}

@misc{NLTK,
  title     = {Natural Language Toolkit},
  author    = {Steven Bird, Edward Loper},
  url       = {https://www.nltk.org/},
} 
